<?xml version="1.0" encoding="UTF-8"?><collection xmlns="http://www.loc.gov/MARC21/slim"><record><leader>00446nam--2200169-u-4500</leader><controlfield tag="001">000051436</controlfield><controlfield tag="002">20161230</controlfield><controlfield tag="005">20170106163849</controlfield><controlfield tag="008">080716s1000------------r-----000-0-eng-d</controlfield><datafield ind1=" " ind2=" " tag="040"><subfield code="a">IFIN-HH</subfield></datafield><datafield ind1=" " ind2=" " tag="080"><subfield code="a">517.11</subfield></datafield><datafield ind1="1" ind2=" " tag="100"><subfield code="a">Zhautykov, O. A</subfield><subfield code="e">Red</subfield></datafield><datafield ind1="1" ind2="0" tag="245"><subfield code="a">Teoreticheskie i Prikladnye Voprocy Matematicheskogo Modelirovaniya</subfield></datafield><datafield ind1=" " ind2=" " tag="260"><subfield code="a">Alma-Ata</subfield><subfield code="b">Nauka</subfield><subfield code="c">1986</subfield></datafield><datafield ind1=" " ind2=" " tag="300"><subfield code="a">208 p</subfield></datafield><datafield ind1=" " ind2=" " tag="852"><subfield code="a">127017</subfield><subfield code="c">517.11</subfield></datafield><datafield ind1=" " ind2=" " tag="CAT"><subfield code="a">SYS</subfield><subfield code="c">20170106</subfield><subfield code="h">163849</subfield></datafield></record></collection>